@article{going_beyond_Euclidean_data,
  author    = {Michael M. Bronstein and
               Joan Bruna and
               Yann LeCun and
               Arthur Szlam and
               Pierre Vandergheynst},
  title     = {Geometric deep learning: going beyond Euclidean data},
  journal   = {CoRR},
  volume    = {abs/1611.08097},
  year      = {2016},
  url       = {http://arxiv.org/abs/1611.08097},
  archivePrefix = {arXiv},
  eprint    = {1611.08097},
  timestamp = {Mon, 13 Aug 2018 16:48:20 +0200},
  biburl    = {https://dblp.org/rec/journals/corr/BronsteinBLSV16.bib},
  bibsource = {dblp computer science bibliography, https://dblp.org}
}

@article{solution_by_SVM_classifier,
author="Shen, Wei
and Wang, Xinggang
and Yao, Cong
and Bai, Xiang",
editor="Li, Shutao
and Liu, Chenglin
and Wang, Yaonan",
title="Shape Recognition by Combining Contour and Skeleton into a Mid-Level Representation",
booktitle="Pattern Recognition",
year="2014",
publisher="Springer Berlin Heidelberg",
address="Berlin, Heidelberg",
pages="391--400",
abstract="Contour and skeleton are two main stream representations for shape recognition in the literature. It has been shown that such two representations convey complementary information, however combining them in a nature way is nontrivial, as they are generally abstracted by different structures (closed string vs graph), respectively. This paper aims at addressing the shape recognition problem by combining contour and skeleton into a mid-level of shape representation. To form a mid-level representation for shape contours, a recent work named Bag of Contour Fragments (BCF) is adopted; While for skeleton, a new mid-level representation named Bag of Skeleton Paths (BSP) is proposed, which is formed by pooling the skeleton codes by encoding the skeleton paths connecting pairs of end points in the skeleton. Finally, a compact shape feature vector is formed by concatenating BCF with BSP and fed into a linear SVM classifier to recognize the shape. Although such a concatenation is simple, the SVM classifier can automatically learn the weights of contour and skeleton features to offer discriminative power. The encouraging experimental results demonstrate that the proposed new shape representation is effective for shape classification and achieves the state-of-the-art performances on several standard shape benchmarks.",
isbn="978-3-662-45646-0"
}

@article{solution_by_Medial_Representation_GCNN,
  title={Neural Networks for Shape Recognition by Medial Representation},
  author={Lomov Nikita, Arseev Sergey},
  journal={3nd International ISPRS Workshop on PSBB Moscow},
%   volume={7},
%   number={2},
  pages={137--142},
  year={2019},
  publisher={State Research Institute of Aviation Systems}
}
@article{Lipkina_Mestetskiy_1,
  title={Классификация букв в изображениях на основе медиального представления},
  author={А.Л. Липкина, Л.М. Местецкий},
  journal={Труды международной конференции по компьютерной графики и зрению "Графикон"},
%   volume={10},
  number={28},
  pages={362--368},
  year={2018},
  publisher={Федеральное государственное учреждение "Федеральный исследовательский центр Институт прикладной математики им. М.В. Келдыша Российской академии наук"}
}
@article{Lipkina_Mestetskiy_2,
  title={Структурный подход к классификации букв в изображениях},
  author={А.Л. Липкина, Л.М. Местецкий},
  journal={Труды международной конференции по компьютерной графики и зрению "Графикон"},
%   volume={25},
  number={29},
  pages={136--141},
  year={2019},
  publisher={Федеральное государственное учреждение "Федеральный исследовательский центр Институт прикладной математики им. М.В. Келдыша Российской академии наук"}
}
@article{Structural_functional_analisys,
  title={Структурно-функциональный анализ и синтез глубоких конволюционных нейронных сетей},
  author={Ю.В. Визильтер, В.С. Горбацевич, С.Ю. Желтов},
  journal={Компьютерная оптика},
  volume={43},
  number={5},
  pages={886--900},
  year={2019},
  publisher={Институт систем обработки изображений Российской академии наук (Самара)}
}
@article{Mestetskiy_alg,
  title={Скелетизация многосвязной многоугольной фигуры на основе дерева смежности ее границы},
  author={Л.М. Местецкий},
  journal={Сиб. журн. вычисл. математики},
%   volume={43},
  number={3},
  pages={299--314},
  year={2006},
  publisher={РАН. Сиб. отд-ние. Новосибирск}
}
@article{embend_like_cnn_on_photo,
  author    = {Antoine Jean{-}Pierre Tixier and
               Giannis Nikolentzos and
               Polykarpos Meladianos and
               Michalis Vazirgiannis},
  title     = {Classifying Graphs as Images with Convolutional Neural Networks},
  journal   = {CoRR},
  volume    = {abs/1708.02218},
  year      = {2017},
  url       = {http://arxiv.org/abs/1708.02218},
  archivePrefix = {arXiv},
  eprint    = {1708.02218},
  timestamp = {Mon, 13 Aug 2018 16:46:29 +0200},
  biburl    = {https://dblp.org/rec/journals/corr/abs-1708-02218.bib},
  bibsource = {dblp computer science bibliography, https://dblp.org}
}
@article{node2vec,
  author    = {Aditya Grover and
               Jure Leskovec},
  title     = {node2vec: Scalable Feature Learning for Networks},
  journal   = {CoRR},
  volume    = {abs/1607.00653},
  year      = {2016},
  url       = {http://arxiv.org/abs/1607.00653},
  archivePrefix = {arXiv},
  eprint    = {1607.00653},
  timestamp = {Mon, 13 Aug 2018 16:48:14 +0200},
  biburl    = {https://dblp.org/rec/journals/corr/GroverL16.bib},
  bibsource = {dblp computer science bibliography, https://dblp.org}
}
@article{GraphSAGE,
  author    = {William L. Hamilton and
               Rex Ying and
               Jure Leskovec},
  title     = {Inductive Representation Learning on Large Graphs},
  journal   = {CoRR},
  volume    = {abs/1706.02216},
  year      = {2017},
  url       = {http://arxiv.org/abs/1706.02216},
  archivePrefix = {arXiv},
  eprint    = {1706.02216},
  timestamp = {Mon, 13 Aug 2018 16:46:12 +0200},
  biburl    = {https://dblp.org/rec/journals/corr/HamiltonYL17.bib},
  bibsource = {dblp computer science bibliography, https://dblp.org}
}
@manual{base_alg,
      title  = "Tutorial on Graph Neural Networks for Computer Vision and Beyond (Part 1)",
      author = "Boris Knyazev",
      url    = "https://medium.com/@BorisAKnyazev/tutorial-on-graph-neural-networks-for-computer-vision-and-beyond-part-1-3d9fada3b80d",
      year   = "2019 (accessed August 4, 2019)"
}
@article{mnist_explanation,
  added-at = {2010-06-28T21:16:30.000+0200},
  author = {LeCun, Yann and Cortes, Corinna},
  biburl = {https://www.bibsonomy.org/bibtex/2935bad99fa1f65e03c25b315aa3c1032/mhwombat},
  groups = {public},
  howpublished = {http://yann.lecun.com/exdb/mnist/},
  interhash = {21b9d0558bd66279df9452562df6e6f3},
  intrahash = {935bad99fa1f65e03c25b315aa3c1032},
  keywords = {MSc _checked character_recognition mnist network neural},
  lastchecked = {2016-01-14 14:24:11},
  timestamp = {2016-07-12T19:25:30.000+0200},
  title = {{MNIST} handwritten digit database},
  url = {http://yann.lecun.com/exdb/mnist/},
  username = {mhwombat},
  year = 2010
}